@article{Dong2016,
  archiveprefix = {arXiv},
  arxivid       = {1501.00092},
  author        = {Dong, Chao and Loy, Chen Change and He, Kaiming and Tang, Xiaoou},
  doi           = {10.1109/TPAMI.2015.2439281},
  eprint        = {1501.00092},
  issn          = {01628828},
  journal       = {IEEE Transactions on Pattern Analysis and Machine Intelligence},
  number        = {2},
  pages         = {295--307},
  pmid          = {26761735},
  title         = {{Image Super-Resolution Using Deep Convolutional Networks}},
  volume        = {38},
  year          = {2016}
}
@article{Zhang2018,
  author    = {Zhang, Yan and An, Lin and Xu, Jie and Zhang, Bo and Zheng, W. Jim and Hu, Ming and Tang, Jijun and Yue, Feng},
  doi       = {10.1038/s41467-018-03113-2},
  issn      = {20411723},
  journal   = {Nature Communications},
  number    = {1},
  pages     = {1--9},
  pmid      = {29467363},
  publisher = {Springer US},
  title     = {{Enhancing Hi-C data resolution with deep convolutional neural network HiCPlus}},
  url       = {http://dx.doi.org/10.1038/s41467-018-03113-2},
  volume    = {9},
  year      = {2018}
}
@article{Liu2019,
  author  = {Liu, Tong and Wang, Zheng and Hancock, John},
  doi     = {10.1093/bioinformatics/btz251},
  issn    = {14602059},
  journal = {Bioinformatics},
  number  = {21},
  pages   = {4222--4228},
  pmid    = {31056636},
  title   = {{HiCNN: A very deep convolutional neural network to better enhance the resolution of Hi-C data}},
  volume  = {35},
  year    = {2019}
}
@article{Cameron2020,
  author          = {Cameron, Christopher J.F. and Dostie, Jos{\'{e}}e and Blanchette, Mathieu},
  doi             = {10.1186/s13059-019-1913-y},
  issn            = {1474760X},
  journal         = {Genome Biology},
  keywords        = {5C,ChIA-PET,Chromosome conformation capture,Density estimation,Hi-C,Markov random field,Topologically associating domains,subTADs},
  number          = {1},
  pages           = {1--15},
  pmid            = {31937349},
  publisher       = {Genome Biology},
  title           = {{HIFI: Estimating DNA-DNA interaction frequency from Hi-C data at restriction-fragment resolution}},
  volume          = {21},
  year            = {2020}
}
@article{Rao2014,
author = {Rao, Suhas S.P. and Huntley, Miriam H. and Durand, Neva C. and Stamenova, Elena K. and Bochkov, Ivan D. and Robinson, James T. and Sanborn, Adrian L. and Machol, Ido and Omer, Arina D. and Lander, Eric S. and Aiden, Erez Lieberman},
doi = {10.1016/j.cell.2014.11.021},
issn = {10974172},
journal = {Cell},
number = {7},
pages = {1665--1680},
pmid = {25497547},
publisher = {Elsevier Inc.},
title = {{A 3D map of the human genome at kilobase resolution reveals principles of chromatin looping}},
url = {http://dx.doi.org/10.1016/j.cell.2014.11.021},
volume = {159},
year = {2014}
}

